\usepackage[style=alphabetic,maxnames=4,minnames=3,maxbibnames=99]{biblatex}
@book{book_1,
    author = "刘兴高，胡云卿",
    title = "应用最优化方法及matlab实现",
    publisher = "科学出版社",
    year = "2014-1",
}

@book{book_2,
    author = "Edwin K.P.Chong, Stanislaw H.Zak",
    title = "最优化导论",
    publisher = "电子工业出版社",
    year = "2021-1",
}

@book{book_3,
    author = "王开荣",
    title = "最优化方法",
    publisher = "科学出版社",
    year = "2012-8",
}